
  <marc:record xmlns="http://www.loc.gov/MARC21/slim">
    <marc:leader>00000ngm a2200000 i 4500</marc:leader>
    <marc:controlfield tag="001">on1399138770</marc:controlfield>
    <marc:controlfield tag="006">m     o  c        </marc:controlfield>
    <marc:controlfield tag="007">vz czazzu</marc:controlfield>
    <marc:controlfield tag="007">cr cna||||||||</marc:controlfield>
    <marc:controlfield tag="008">230922t20122012gw 059        o   vlmul d</marc:controlfield>
    <marc:datafield tag="040" ind1=" " ind2=" ">
      <marc:subfield code="a">IUL</marc:subfield>
      <marc:subfield code="b">eng</marc:subfield>
      <marc:subfield code="e">rda</marc:subfield>
      <marc:subfield code="c">IUL</marc:subfield>
    </marc:datafield>
      <marc:datafield tag="035" ind1=" " ind2=" "><marc:subfield code="a">(OCoLC)1399138770</marc:subfield></marc:datafield>
    <marc:datafield tag="041" ind1="1" ind2=" ">
      <marc:subfield code="d">ger</marc:subfield>
      <marc:subfield code="g">eng</marc:subfield>
      <marc:subfield code="j">eng</marc:subfield>
    </marc:datafield>
    <marc:datafield tag="049" ind1=" " ind2=" ">
      <marc:subfield code="a">IULA</marc:subfield>
    </marc:datafield>
    <marc:datafield tag="245" ind1="0" ind2="4">
      <marc:subfield code="a">The 12 cellists of the Berliner Philharmoniker =</marc:subfield>
      <marc:subfield code="b">Die 12 Cellisten der Berliner Philharmoniker /</marc:subfield>
      <marc:subfield code="c">a film by Enrique Sánchez Lansch.</marc:subfield>
    </marc:datafield>
    <marc:datafield tag="264" ind1=" " ind2="1">
      <marc:subfield code="a">Berlin :</marc:subfield>
      <marc:subfield code="b">Berlin Phil Media GmbH,</marc:subfield>
      <marc:subfield code="c">2012</marc:subfield>
    </marc:datafield>
    <marc:datafield tag="264" ind1=" " ind2="4">
      <marc:subfield code="c">℗2012</marc:subfield>
    </marc:datafield>
    <marc:datafield tag="300" ind1=" " ind2=" ">
      <marc:subfield code="a">1 online resource (1 video file) :</marc:subfield>
      <marc:subfield code="b">digital, sound, color</marc:subfield>
    </marc:datafield>
    <marc:datafield tag="336" ind1=" " ind2=" ">
      <marc:subfield code="a">two-dimensional moving image</marc:subfield>
      <marc:subfield code="b">tdi</marc:subfield>
      <marc:subfield code="2">rdacontent</marc:subfield>
    </marc:datafield>
    <marc:datafield tag="337" ind1=" " ind2=" ">
      <marc:subfield code="a">video</marc:subfield>
      <marc:subfield code="b">v</marc:subfield>
      <marc:subfield code="2">rdamedia</marc:subfield>
    </marc:datafield>
    <marc:datafield tag="337" ind1=" " ind2=" ">
      <marc:subfield code="a">computer</marc:subfield>
      <marc:subfield code="b">c</marc:subfield>
      <marc:subfield code="2">rdamedia</marc:subfield>
    </marc:datafield>
    <marc:datafield tag="338" ind1=" " ind2=" ">
      <marc:subfield code="a">online resource</marc:subfield>
      <marc:subfield code="b">cr</marc:subfield>
      <marc:subfield code="2">rdacarrier</marc:subfield>
    </marc:datafield>
    <marc:datafield tag="344" ind1=" " ind2=" ">
      <marc:subfield code="a">digital</marc:subfield>
    </marc:datafield>
    <marc:datafield tag="344" ind1=" " ind2=" ">
      <marc:subfield code="g">stereo</marc:subfield>
      <marc:subfield code="2">rdacpc</marc:subfield>
    </marc:datafield>
    <marc:datafield tag="347" ind1=" " ind2=" ">
      <marc:subfield code="a">streaming video file</marc:subfield>
      <marc:subfield code="2">rda</marc:subfield>
    </marc:datafield>
    <marc:datafield tag="382" ind1="0" ind2="1">
      <marc:subfield code="a">speaker</marc:subfield>
      <marc:subfield code="n">1</marc:subfield>
      <marc:subfield code="s">1</marc:subfield>
      <marc:subfield code="2">lcmpt</marc:subfield>
    </marc:datafield>
    <marc:datafield tag="490" ind1="1" ind2=" ">
      <marc:subfield code="a">Berliner Philharmoniker Digital Concert Hall ;</marc:subfield>
      <marc:subfield code="v">2012</marc:subfield>
    </marc:datafield>
    <marc:datafield tag="490" ind1="0" ind2=" ">
      <marc:subfield code="a">The Berliner Philharmoniker and their instruments =</marc:subfield>
      <marc:subfield code="a">Die Berliner Philharmoniker und ihre instrumente</marc:subfield>
    </marc:datafield>
    <marc:datafield tag="516" ind1=" " ind2=" ">
      <marc:subfield code="a">Streaming video.</marc:subfield>
    </marc:datafield>
    <marc:datafield tag="546" ind1=" " ind2=" ">
      <marc:subfield code="a">In German with English subtitles.</marc:subfield>
    </marc:datafield>
    <marc:datafield tag="500" ind1=" " ind2=" ">
      <marc:subfield code="a">Title from film page and Berlin Phil Media GmbH.</marc:subfield>
    </marc:datafield>
    <marc:datafield tag="511" ind1="0" ind2=" ">
      <marc:subfield code="a">The 12 Cellists of the Berliner Philharmoniker.</marc:subfield>
    </marc:datafield>
    <marc:datafield tag="518" ind1=" " ind2=" ">
      <marc:subfield code="o">Recorded</marc:subfield>
      <marc:subfield code="d">2012</marc:subfield>
      <marc:subfield code="p">Philharmonie Berlin.</marc:subfield>
    </marc:datafield>
    <marc:datafield tag="518" ind1=" " ind2=" ">
      <marc:subfield code="o">Recorded</marc:subfield>
      <marc:subfield code="p">Schleswig-Holstein Musik Festival, Christkirche Rendsburg, Deutschland</marc:subfield>
    </marc:datafield>
    <marc:datafield tag="518" ind1=" " ind2=" ">
      <marc:subfield code="o">Recorded</marc:subfield>
      <marc:subfield code="p">Lucerne Festival, KKL Luzern, Konzerthalle, Schweiz</marc:subfield>
    </marc:datafield>
    <marc:datafield tag="518" ind1=" " ind2=" ">
      <marc:subfield code="o">Recorded</marc:subfield>
      <marc:subfield code="p">National Centre of Performing Arts, Beijing, China</marc:subfield>
    </marc:datafield>
    <marc:datafield tag="518" ind1=" " ind2=" ">
      <marc:subfield code="o">Recorded</marc:subfield>
      <marc:subfield code="p">Shanghai Grand Theatre Performing Arts Centre, Shanghai, China</marc:subfield>
    </marc:datafield>
    <marc:datafield tag="508" ind1=" " ind2=" ">
      <marc:subfield code="a">Enrique Sánchez Lansch, director ; Julia Oehring, editor.</marc:subfield>
    </marc:datafield>
    <marc:datafield tag="506" ind1="1" ind2=" ">
      <marc:subfield code="a">Access limited to subscribers.</marc:subfield>
    </marc:datafield>
    <marc:datafield tag="520" ind1=" " ind2=" ">
      <marc:subfield code="a">"Their sound is unmistakable: since its foundation in 1972, the 12 Cellists of the Berliner Philharmoniker have achieved international fame. Stylistically, the ensemble is equally at home in jazz and tango as in contemporary works and arrangements of classical pieces. Enrique Sánchez Lansch's 2012 documentary Die 12 accompanies the ensemble on a concert tour to China and shows in rehearsal and concert recordings the process leading to the premiere of a commissioned composition by Sofia Gubaidulina"--Film page.</marc:subfield>
    </marc:datafield>
    <marc:datafield tag="610" ind1="2" ind2="0">
      <marc:subfield code="a">Berliner Philharmoniker.</marc:subfield>
      <marc:subfield code="b">Zwölf Cellisten.</marc:subfield>
    </marc:datafield>
    <marc:datafield tag="650" ind1=" " ind2="0">
      <marc:subfield code="a">Cello ensembles</marc:subfield>
      <marc:subfield code="z">Germany</marc:subfield>
      <marc:subfield code="z">Berlin</marc:subfield>
      <marc:subfield code="x">History.</marc:subfield>
    </marc:datafield>
    <marc:datafield tag="655" ind1=" " ind2="7">
      <marc:subfield code="a">Documentary films.</marc:subfield>
      <marc:subfield code="2">lcgft</marc:subfield>
    </marc:datafield>
    <marc:datafield tag="655" ind1=" " ind2="7">
      <marc:subfield code="a">Interviews.</marc:subfield>
      <marc:subfield code="2">lcgft</marc:subfield>
    </marc:datafield>
    <marc:datafield tag="700" ind1="1" ind2=" ">
      <marc:subfield code="a">Sánchez Lansch, Enrique,</marc:subfield>
      <marc:subfield code="d">1963-</marc:subfield>
      <marc:subfield code="e">film director.</marc:subfield>
    </marc:datafield>
    <marc:datafield tag="700" ind1="1" ind2=" ">
      <marc:subfield code="a">Oehring, Julia,</marc:subfield>
      <marc:subfield code="d">1968-</marc:subfield>
      <marc:subfield code="e">editor of moving image work.</marc:subfield>
    </marc:datafield>
    <marc:datafield tag="700" ind1="1" ind2="2">
      <marc:subfield code="i">Container of (expression):</marc:subfield>
      <marc:subfield code="a">Piazzolla, Astor.</marc:subfield>
      <marc:subfield code="t">María de Buenos Aires.</marc:subfield>
      <marc:subfield code="p">Fuga y misterio;</marc:subfield>
      <marc:subfield code="o">arranged.</marc:subfield>
    </marc:datafield>
    <marc:datafield tag="700" ind1="1" ind2="2">
      <marc:subfield code="i">Container of (work):</marc:subfield>
      <marc:subfield code="a">Gubaidulina, Sofia,</marc:subfield>
      <marc:subfield code="d">1931-</marc:subfield>
      <marc:subfield code="t">Labyrinth.</marc:subfield>
    </marc:datafield>
    <marc:datafield tag="700" ind1="1" ind2="2">
      <marc:subfield code="i">Container of (work):</marc:subfield>
      <marc:subfield code="a">Villa-Lobos, Heitor.</marc:subfield>
      <marc:subfield code="t">Bachianas brasileiras,</marc:subfield>
      <marc:subfield code="n">no. 1.</marc:subfield>
      <marc:subfield code="p">Modinha.</marc:subfield>
    </marc:datafield>
    <marc:datafield tag="700" ind1="1" ind2="2">
      <marc:subfield code="i">Container of (expression):</marc:subfield>
      <marc:subfield code="a">Fauré, Gabriel,</marc:subfield>
      <marc:subfield code="d">1845-1924.</marc:subfield>
      <marc:subfield code="t">Pavan,</marc:subfield>
      <marc:subfield code="m">orchestra,</marc:subfield>
      <marc:subfield code="n">op. 50,</marc:subfield>
      <marc:subfield code="r">F♯ minor;</marc:subfield>
      <marc:subfield code="o">arranged.</marc:subfield>
    </marc:datafield>
    <marc:datafield tag="700" ind1="1" ind2="2">
      <marc:subfield code="i">Container of (expression):</marc:subfield>
      <marc:subfield code="a">Piazzolla, Astor.</marc:subfield>
      <marc:subfield code="t">Resurrección del ángel;</marc:subfield>
      <marc:subfield code="o">arranged.</marc:subfield>
    </marc:datafield>
    <marc:datafield tag="700" ind1="1" ind2="2">
      <marc:subfield code="i">Container of (expression):</marc:subfield>
      <marc:subfield code="a">Beethoven, Ludwig van,</marc:subfield>
      <marc:subfield code="d">1770-1827.</marc:subfield>
      <marc:subfield code="t">Sonatas,</marc:subfield>
      <marc:subfield code="m">cello, piano,</marc:subfield>
      <marc:subfield code="n">no. 3, op. 69,</marc:subfield>
      <marc:subfield code="r">A major.</marc:subfield>
      <marc:subfield code="p">Allegro ma non tanto;</marc:subfield>
      <marc:subfield code="o">arranged.</marc:subfield>
    </marc:datafield>
    <marc:datafield tag="700" ind1="1" ind2="2">
      <marc:subfield code="i">Container of (work):</marc:subfield>
      <marc:subfield code="a">Kaiser-Lindemann, Wilhelm,</marc:subfield>
      <marc:subfield code="d">1940-2010.</marc:subfield>
      <marc:subfield code="t">"12" in bossa-nova.</marc:subfield>
    </marc:datafield>
    <marc:datafield tag="700" ind1="1" ind2="2">
      <marc:subfield code="i">Container of (expression):</marc:subfield>
      <marc:subfield code="a">Hill, Mildred J.,</marc:subfield>
      <marc:subfield code="d">1859-1916.</marc:subfield>
      <marc:subfield code="t">Happy birthday to you;</marc:subfield>
      <marc:subfield code="o">arranged.</marc:subfield>
    </marc:datafield>
    <marc:datafield tag="700" ind1="1" ind2="2">
      <marc:subfield code="i">Container of (expression):</marc:subfield>
      <marc:subfield code="a">Miller, Glenn,</marc:subfield>
      <marc:subfield code="d">1904-1944.</marc:subfield>
      <marc:subfield code="t">Moonlight serenade;</marc:subfield>
      <marc:subfield code="o">arranged.</marc:subfield>
    </marc:datafield>
    <marc:datafield tag="700" ind1="1" ind2="2">
      <marc:subfield code="i">Container of (expression):</marc:subfield>
      <marc:subfield code="a">Ellington, Duke,</marc:subfield>
      <marc:subfield code="d">1899-1974.</marc:subfield>
      <marc:subfield code="t">Caravan;</marc:subfield>
      <marc:subfield code="o">arranged.</marc:subfield>
    </marc:datafield>
    <marc:datafield tag="700" ind1="1" ind2="2">
      <marc:subfield code="i">Container of (expression):</marc:subfield>
      <marc:subfield code="a">Funck, David,</marc:subfield>
      <marc:subfield code="d">1648-1701.</marc:subfield>
      <marc:subfield code="t">Stricturæ viola-di gambicæ.</marc:subfield>
      <marc:subfield code="p">Suite,</marc:subfield>
      <marc:subfield code="r">D major;</marc:subfield>
      <marc:subfield code="o">arranged.</marc:subfield>
    </marc:datafield>
    <marc:datafield tag="700" ind1="1" ind2="2">
      <marc:subfield code="i">Container of (expression):</marc:subfield>
      <marc:subfield code="a">Handy, W. C.</marc:subfield>
      <marc:subfield code="q">(William Christopher),</marc:subfield>
      <marc:subfield code="d">1873-1958.</marc:subfield>
      <marc:subfield code="t">Saint Louis blues;</marc:subfield>
      <marc:subfield code="o">arranged.</marc:subfield>
    </marc:datafield>
    <marc:datafield tag="700" ind1="1" ind2="2">
      <marc:subfield code="i">Container of (expression):</marc:subfield>
      <marc:subfield code="a">Guy, Louis,</marc:subfield>
      <marc:subfield code="d">1916-1991.</marc:subfield>
      <marc:subfield code="t">Vie en rose;</marc:subfield>
      <marc:subfield code="o">arranged.</marc:subfield>
    </marc:datafield>
    <marc:datafield tag="700" ind1="1" ind2="2">
      <marc:subfield code="i">Container of (work):</marc:subfield>
      <marc:subfield code="a">Brookmeyer, Bob,</marc:subfield>
      <marc:subfield code="d">1929-2011.</marc:subfield>
      <marc:subfield code="t">Amerika 2002, in memoriam.</marc:subfield>
    </marc:datafield>
    <marc:datafield tag="700" ind1="1" ind2="2">
      <marc:subfield code="i">Container of (expression):</marc:subfield>
      <marc:subfield code="a">Piazzolla, Astor.</marc:subfield>
      <marc:subfield code="t">Muerte del ángel;</marc:subfield>
      <marc:subfield code="o">arranged.</marc:subfield>
    </marc:datafield>
    <marc:datafield tag="710" ind1="2" ind2=" ">
      <marc:subfield code="a">Berliner Philharmoniker.</marc:subfield>
      <marc:subfield code="b">Zwölf Cellisten,</marc:subfield>
      <marc:subfield code="e">instrumentalist,</marc:subfield>
      <marc:subfield code="e">interviewee (expression)</marc:subfield>
    </marc:datafield>
    <marc:datafield tag="830" ind1=" " ind2="0">
      <marc:subfield code="a">Digital Concert Hall (Series) ;</marc:subfield>
      <marc:subfield code="v">2012.</marc:subfield>
    </marc:datafield>
    <marc:datafield tag="856" ind1="4" ind2="0">
      <marc:subfield code="u">https://www.digitalconcerthall.com/en/film/371</marc:subfield>
    </marc:datafield>
  </marc:record>