
  <marc:record xmlns="http://www.loc.gov/MARC21/slim">
    <marc:leader>00000ngm a2200000 i 4500</marc:leader>
    <marc:controlfield tag="001">on1399138683</marc:controlfield>
    <marc:controlfield tag="006">m     o  c        </marc:controlfield>
    <marc:controlfield tag="007">vz czazzu</marc:controlfield>
    <marc:controlfield tag="007">cr cna||||||||</marc:controlfield>
    <marc:controlfield tag="008">230922t20132013gw 060        o   vlmul d</marc:controlfield>
    <marc:datafield tag="040" ind1=" " ind2=" ">
      <marc:subfield code="a">IUL</marc:subfield>
      <marc:subfield code="b">eng</marc:subfield>
      <marc:subfield code="e">rda</marc:subfield>
      <marc:subfield code="c">IUL</marc:subfield>
    </marc:datafield>
      <marc:datafield tag="035" ind1=" " ind2=" "><marc:subfield code="a">(OCoLC)1399138683</marc:subfield></marc:datafield>
    <marc:datafield tag="041" ind1="1" ind2=" ">
      <marc:subfield code="d">eng</marc:subfield>
      <marc:subfield code="d">ger</marc:subfield>
      <marc:subfield code="g">eng</marc:subfield>
      <marc:subfield code="j">eng</marc:subfield>
    </marc:datafield>
    <marc:datafield tag="049" ind1=" " ind2=" ">
      <marc:subfield code="a">IULA</marc:subfield>
    </marc:datafield>
    <marc:datafield tag="245" ind1="0" ind2="4">
      <marc:subfield code="a">The Highest Level :</marc:subfield>
      <marc:subfield code="b">Lang Lang with the Berliner Philharmoniker = The Highest Level : Lang Lang bei den Berliner Philharmonikern /</marc:subfield>
      <marc:subfield code="c">A film by Christian Berger.</marc:subfield>
    </marc:datafield>
    <marc:datafield tag="264" ind1=" " ind2="1">
      <marc:subfield code="a">Berlin :</marc:subfield>
      <marc:subfield code="b">Berlin Phil Media GmbH,</marc:subfield>
      <marc:subfield code="c">2013</marc:subfield>
    </marc:datafield>
    <marc:datafield tag="264" ind1=" " ind2="4">
      <marc:subfield code="c">℗2013</marc:subfield>
    </marc:datafield>
    <marc:datafield tag="300" ind1=" " ind2=" ">
      <marc:subfield code="a">1 online resource (1 video file) :</marc:subfield>
      <marc:subfield code="b">digital, sound, color</marc:subfield>
    </marc:datafield>
    <marc:datafield tag="336" ind1=" " ind2=" ">
      <marc:subfield code="a">two-dimensional moving image</marc:subfield>
      <marc:subfield code="b">tdi</marc:subfield>
      <marc:subfield code="2">rdacontent</marc:subfield>
    </marc:datafield>
    <marc:datafield tag="337" ind1=" " ind2=" ">
      <marc:subfield code="a">video</marc:subfield>
      <marc:subfield code="b">v</marc:subfield>
      <marc:subfield code="2">rdamedia</marc:subfield>
    </marc:datafield>
    <marc:datafield tag="337" ind1=" " ind2=" ">
      <marc:subfield code="a">computer</marc:subfield>
      <marc:subfield code="b">c</marc:subfield>
      <marc:subfield code="2">rdamedia</marc:subfield>
    </marc:datafield>
    <marc:datafield tag="338" ind1=" " ind2=" ">
      <marc:subfield code="a">online resource</marc:subfield>
      <marc:subfield code="b">cr</marc:subfield>
      <marc:subfield code="2">rdacarrier</marc:subfield>
    </marc:datafield>
    <marc:datafield tag="344" ind1=" " ind2=" ">
      <marc:subfield code="a">digital</marc:subfield>
    </marc:datafield>
    <marc:datafield tag="344" ind1=" " ind2=" ">
      <marc:subfield code="g">stereo</marc:subfield>
      <marc:subfield code="2">rdacpc</marc:subfield>
    </marc:datafield>
    <marc:datafield tag="347" ind1=" " ind2=" ">
      <marc:subfield code="a">streaming video file</marc:subfield>
      <marc:subfield code="2">rda</marc:subfield>
    </marc:datafield>
    <marc:datafield tag="382" ind1="0" ind2="1">
      <marc:subfield code="a">speaker</marc:subfield>
      <marc:subfield code="n">2</marc:subfield>
      <marc:subfield code="s">2</marc:subfield>
      <marc:subfield code="2">lcmpt</marc:subfield>
    </marc:datafield>
    <marc:datafield tag="490" ind1="1" ind2=" ">
      <marc:subfield code="a">Berliner Philharmoniker Digital Concert Hall ;</marc:subfield>
      <marc:subfield code="v">2013</marc:subfield>
    </marc:datafield>
    <marc:datafield tag="490" ind1="0" ind2=" ">
      <marc:subfield code="a">The Berliner Philharmoniker and their instruments =</marc:subfield>
      <marc:subfield code="a">Die Berliner Philharmoniker und ihre instrumente</marc:subfield>
    </marc:datafield>
    <marc:datafield tag="516" ind1=" " ind2=" ">
      <marc:subfield code="a">Streaming video.</marc:subfield>
    </marc:datafield>
    <marc:datafield tag="546" ind1=" " ind2=" ">
      <marc:subfield code="a">In English and in German with English subtitles.</marc:subfield>
    </marc:datafield>
    <marc:datafield tag="500" ind1=" " ind2=" ">
      <marc:subfield code="a">Title from film page and Berlin Phil Media GmbH.</marc:subfield>
    </marc:datafield>
    <marc:datafield tag="511" ind1="0" ind2=" ">
      <marc:subfield code="a">Berliner Philharmoniker ; Sir Simon Rattle, conductor ; Lang Lang, piano and interviewee ; Erik Hansen, narrator.</marc:subfield>
    </marc:datafield>
    <marc:datafield tag="518" ind1=" " ind2=" ">
      <marc:subfield code="o">Recorded</marc:subfield>
      <marc:subfield code="d">2013</marc:subfield>
      <marc:subfield code="p">Philharmonie Berlin.</marc:subfield>
    </marc:datafield>
    <marc:datafield tag="508" ind1=" " ind2=" ">
      <marc:subfield code="a">Christian Berger, director ; Stefan Kobe, editor.</marc:subfield>
    </marc:datafield>
    <marc:datafield tag="506" ind1="1" ind2=" ">
      <marc:subfield code="a">Access limited to subscribers.</marc:subfield>
    </marc:datafield>
    <marc:datafield tag="520" ind1=" " ind2=" ">
      <marc:subfield code="a">"In April 2013, the Berliner Philharmoniker, Sir Simon Rattle and Lang Lang came together for their first joint recording. On the programme: Béla Bartók's Piano Concerto No. 2 and Sergei Prokofiev's Third Piano Concerto. In our documentary The Highest Level, you can be witness to this summit meeting and with extensive behind-the-scenes footage, follow of the making of a great recording"--Film page.</marc:subfield>
    </marc:datafield>
    <marc:datafield tag="600" ind1="1" ind2="0">
      <marc:subfield code="a">Lang, Lang,</marc:subfield>
      <marc:subfield code="d">1982-</marc:subfield>
    </marc:datafield>
    <marc:datafield tag="650" ind1=" " ind2="0">
      <marc:subfield code="a">Piano</marc:subfield>
      <marc:subfield code="x">Performance.</marc:subfield>
    </marc:datafield>
    <marc:datafield tag="655" ind1=" " ind2="7">
      <marc:subfield code="a">Documentary films.</marc:subfield>
      <marc:subfield code="2">lcgft</marc:subfield>
    </marc:datafield>
    <marc:datafield tag="655" ind1=" " ind2="7">
      <marc:subfield code="a">Interviews.</marc:subfield>
      <marc:subfield code="2">lcgft</marc:subfield>
    </marc:datafield>
    <marc:datafield tag="700" ind1="1" ind2=" ">
      <marc:subfield code="a">Berger, Christian,</marc:subfield>
      <marc:subfield code="d">1945-</marc:subfield>
      <marc:subfield code="e">film director.</marc:subfield>
    </marc:datafield>
    <marc:datafield tag="700" ind1="1" ind2=" ">
      <marc:subfield code="a">Kobe, Stefan,</marc:subfield>
      <marc:subfield code="e">editor of moving image work.</marc:subfield>
    </marc:datafield>
    <marc:datafield tag="700" ind1="1" ind2=" ">
      <marc:subfield code="a">Lang, Lang,</marc:subfield>
      <marc:subfield code="d">1982-</marc:subfield>
      <marc:subfield code="e">instrumentalist,</marc:subfield>
      <marc:subfield code="e">interviewee (expression)</marc:subfield>
    </marc:datafield>
    <marc:datafield tag="700" ind1="1" ind2=" ">
      <marc:subfield code="a">Rattle, Simon,</marc:subfield>
      <marc:subfield code="d">1955-</marc:subfield>
      <marc:subfield code="e">conductor.</marc:subfield>
    </marc:datafield>
    <marc:datafield tag="700" ind1="1" ind2=" ">
      <marc:subfield code="a">Hansen, Erik</marc:subfield>
      <marc:subfield code="c">(Actor),</marc:subfield>
      <marc:subfield code="e">narrator.</marc:subfield>
    </marc:datafield>
    <marc:datafield tag="710" ind1="2" ind2=" ">
      <marc:subfield code="a">Berliner Philharmoniker,</marc:subfield>
      <marc:subfield code="e">instrumentalist.</marc:subfield>
    </marc:datafield>
    <marc:datafield tag="830" ind1=" " ind2="0">
      <marc:subfield code="a">Digital Concert Hall (Series) ;</marc:subfield>
      <marc:subfield code="v">2013.</marc:subfield>
    </marc:datafield>
    <marc:datafield tag="856" ind1="4" ind2="0">
      <marc:subfield code="u">https://www.digitalconcerthall.com/en/film/114</marc:subfield>
    </marc:datafield>
  </marc:record>