
  <marc:record xmlns="http://www.loc.gov/MARC21/slim">
    <marc:leader>00000ngm a2200000 i 4500</marc:leader>
    <marc:controlfield tag="001">on1399431731</marc:controlfield>
    <marc:controlfield tag="006">m     o  z        </marc:controlfield>
    <marc:controlfield tag="007">vz czazzu</marc:controlfield>
    <marc:controlfield tag="007">cr cna||||||||</marc:controlfield>
    <marc:controlfield tag="008">230925t19811981gw 145        o   vlger d</marc:controlfield>
    <marc:datafield tag="040" ind1=" " ind2=" ">
      <marc:subfield code="a">IUL</marc:subfield>
      <marc:subfield code="b">eng</marc:subfield>
      <marc:subfield code="e">rda</marc:subfield>
      <marc:subfield code="c">IUL</marc:subfield>
    </marc:datafield>
      <marc:datafield tag="035" ind1=" " ind2=" "><marc:subfield code="a">(OCoLC)1399431731</marc:subfield></marc:datafield>
    <marc:datafield tag="041" ind1=" " ind2=" ">
      <marc:subfield code="d">ger</marc:subfield>
      <marc:subfield code="g">eng</marc:subfield>
      <marc:subfield code="j">eng</marc:subfield>
    </marc:datafield>
    <marc:datafield tag="049" ind1=" " ind2=" ">
      <marc:subfield code="a">IULA</marc:subfield>
    </marc:datafield>
    <marc:datafield tag="100" ind1="1" ind2=" ">
      <marc:subfield code="a">Wagner, Richard,</marc:subfield>
      <marc:subfield code="d">1813-1883,</marc:subfield>
      <marc:subfield code="e">composer.</marc:subfield>
    </marc:datafield>
    <marc:datafield tag="240" ind1="1" ind2="0">
      <marc:subfield code="a">Ring des Nibelungen.</marc:subfield>
      <marc:subfield code="p">Rheingold</marc:subfield>
    </marc:datafield>
    <marc:datafield tag="245" ind1="0" ind2="0">
      <marc:subfield code="a">Herbert von Karajan conducts Wagner's "Das Rheingold" = Herbert von Karajan dirigiert Wagners "Rheingold" /</marc:subfield>
      <marc:subfield code="c">Herbert von Karajan ; Berliner Philharmoniker</marc:subfield>
    </marc:datafield>
    <marc:datafield tag="264" ind1=" " ind2="1">
      <marc:subfield code="a">Berlin :</marc:subfield>
      <marc:subfield code="b">Berlin Phil Media GmbH,</marc:subfield>
      <marc:subfield code="c">1981</marc:subfield>
    </marc:datafield>
    <marc:datafield tag="264" ind1=" " ind2="4">
      <marc:subfield code="c">℗1981</marc:subfield>
    </marc:datafield>
    <marc:datafield tag="300" ind1=" " ind2=" ">
      <marc:subfield code="a">1 online resource (1 video file, 145 min.) :</marc:subfield>
      <marc:subfield code="b">digital, sound, color</marc:subfield>
    </marc:datafield>
    <marc:datafield tag="336" ind1=" " ind2=" ">
      <marc:subfield code="a">two-dimensional moving image</marc:subfield>
      <marc:subfield code="b">tdi</marc:subfield>
      <marc:subfield code="2">rdacontent</marc:subfield>
    </marc:datafield>
    <marc:datafield tag="337" ind1=" " ind2=" ">
      <marc:subfield code="a">video</marc:subfield>
      <marc:subfield code="b">v</marc:subfield>
      <marc:subfield code="2">rdamedia</marc:subfield>
    </marc:datafield>
    <marc:datafield tag="337" ind1=" " ind2=" ">
      <marc:subfield code="a">computer</marc:subfield>
      <marc:subfield code="b">c</marc:subfield>
      <marc:subfield code="2">rdamedia</marc:subfield>
    </marc:datafield>
    <marc:datafield tag="338" ind1=" " ind2=" ">
      <marc:subfield code="a">online resource</marc:subfield>
      <marc:subfield code="b">cr</marc:subfield>
      <marc:subfield code="2">rdacarrier</marc:subfield>
    </marc:datafield>
    <marc:datafield tag="344" ind1=" " ind2=" ">
      <marc:subfield code="a">digital</marc:subfield>
    </marc:datafield>
    <marc:datafield tag="344" ind1=" " ind2=" ">
      <marc:subfield code="g">stereo</marc:subfield>
      <marc:subfield code="2">rdacpc</marc:subfield>
    </marc:datafield>
    <marc:datafield tag="347" ind1=" " ind2=" ">
      <marc:subfield code="a">streaming video file</marc:subfield>
      <marc:subfield code="2">rda</marc:subfield>
    </marc:datafield>
    <marc:datafield tag="490" ind1="1" ind2=" ">
      <marc:subfield code="a">Berliner Philharmoniker Digital Concert Hall ;</marc:subfield>
      <marc:subfield code="v">1981</marc:subfield>
    </marc:datafield>
    <marc:datafield tag="516" ind1=" " ind2=" ">
      <marc:subfield code="a">Streaming video.</marc:subfield>
    </marc:datafield>
    <marc:datafield tag="546" ind1=" " ind2=" ">
      <marc:subfield code="a">Sung in German.</marc:subfield>
    </marc:datafield>
    <marc:datafield tag="500" ind1=" " ind2=" ">
      <marc:subfield code="a">Title from film page and Berlin Phil Media GmbH.</marc:subfield>
    </marc:datafield>
    <marc:datafield tag="511" ind1="0" ind2=" ">
      <marc:subfield code="a">Thomas Stewart as Wotan ; Brigitte Fassbaender as Fricka ; Peter Schreier as Loge ; Zoltan Kelemen as Alberich ; Jeannine Altmeyer as Freia ; Gergard Stolze as Mime ; Gerd Nienstedt as Fasolt ; Louis Hendrikx as Fafner ; Hermin Esser as Froh ; Vladimir de Kanel as Donner ; Birgit Finnilä as Erda ; Eva Randová as Woglinde ; Edda Moser as Wellgunde ; Liselotte Rebmann as Flosshilde ; Herbert von Karajan, conductor ; Berliner Philharmoniker.</marc:subfield>
    </marc:datafield>
    <marc:datafield tag="518" ind1=" " ind2=" ">
      <marc:subfield code="o">Recorded</marc:subfield>
      <marc:subfield code="d">1973</marc:subfield>
      <marc:subfield code="p">Philharmonie Berlin.</marc:subfield>
    </marc:datafield>
    <marc:datafield tag="508" ind1=" " ind2=" ">
      <marc:subfield code="a">Music and stage director, Herbert von Karajan ; Director of photography, Ernst Wild ; Set and costume design, Georges Wakhevitch ; Projections, Johannes Dreher ; Architect, Utz Elsässer.</marc:subfield>
    </marc:datafield>
    <marc:datafield tag="506" ind1="1" ind2=" ">
      <marc:subfield code="a">Access limited to subscribers.</marc:subfield>
    </marc:datafield>
    <marc:datafield tag="520" ind1=" " ind2=" ">
      <marc:subfield code="a">Herbert von Karajan, a renowned Wagner conductor known for his lyrical, fiery, and contrapuntally clear interpretation of Wagner's music, diverged from the traditional "German" school of conducting, drawing inspiration from conductors like Toscanini and Clemens Krauss. Karajan conducted four complete Ring cycles during his career in Aachen (1937), Bayreuth (1951), Vienna (1959), and at his Salzburg Easter Festival (1967-1970) with the Berliner Philharmoniker, his preferred ensemble. In 1973, he began filming a complete Salzburg Ring, featuring Thomas Stewart as Wotan, Brigitte Fassbaender as Fricka, and Peter Schreier as Loge. Despite completing the soundtrack in 1973, the full cinema version proved unaffordable, leaving only the Salzburg Das Rheingold as the sole remaining film record of Karajan's Wagner productions among numerous recorded and illustrated productions.</marc:subfield>
    </marc:datafield>
    <marc:datafield tag="650" ind1=" " ind2="0">
      <marc:subfield code="a">Operas.</marc:subfield>
    </marc:datafield>
    <marc:datafield tag="655" ind1=" " ind2="7">
      <marc:subfield code="a">Operas.</marc:subfield>
      <marc:subfield code="2">lcgft</marc:subfield>
    </marc:datafield>
    <marc:datafield tag="655" ind1=" " ind2="7">
      <marc:subfield code="a">Filmed performances.</marc:subfield>
      <marc:subfield code="2">lcgft</marc:subfield>
    </marc:datafield>
    <marc:datafield tag="655" ind1=" " ind2="7">
      <marc:subfield code="a">Live sound recordings.</marc:subfield>
      <marc:subfield code="2">lcgft</marc:subfield>
    </marc:datafield>
    <marc:datafield tag="700" ind1="1" ind2=" ">
      <marc:subfield code="a">Karajan, Herbert von,</marc:subfield>
      <marc:subfield code="e">director,</marc:subfield>
      <marc:subfield code="e">conductor.</marc:subfield>
    </marc:datafield>
    <marc:datafield tag="700" ind1="1" ind2=" ">
      <marc:subfield code="a">Wild, Ernst,</marc:subfield>
      <marc:subfield code="d">1930-</marc:subfield>
    </marc:datafield>
    <marc:datafield tag="700" ind1="1" ind2=" ">
      <marc:subfield code="a">Wakhevitch, Georges,</marc:subfield>
      <marc:subfield code="d">1907-1984,</marc:subfield>
      <marc:subfield code="e">set designer,</marc:subfield>
      <marc:subfield code="e">costume designer.</marc:subfield>
    </marc:datafield>
    <marc:datafield tag="700" ind1="1" ind2=" ">
      <marc:subfield code="a">Stewart, Thomas,</marc:subfield>
      <marc:subfield code="d">1928-2006,</marc:subfield>
      <marc:subfield code="e">singer.</marc:subfield>
    </marc:datafield>
    <marc:datafield tag="700" ind1="1" ind2=" ">
      <marc:subfield code="a">Fassbaender, Brigitte,</marc:subfield>
      <marc:subfield code="e">singer.</marc:subfield>
    </marc:datafield>
    <marc:datafield tag="700" ind1="1" ind2=" ">
      <marc:subfield code="a">Schreier, Peter,</marc:subfield>
      <marc:subfield code="e">singer.</marc:subfield>
    </marc:datafield>
    <marc:datafield tag="700" ind1="1" ind2=" ">
      <marc:subfield code="a">Kelemen, Zoltán,</marc:subfield>
      <marc:subfield code="d">1926-1979,</marc:subfield>
      <marc:subfield code="e">singer.</marc:subfield>
    </marc:datafield>
    <marc:datafield tag="700" ind1="1" ind2=" ">
      <marc:subfield code="a">Altmeyer, Jeannine,</marc:subfield>
      <marc:subfield code="e">singer.</marc:subfield>
    </marc:datafield>
    <marc:datafield tag="700" ind1="1" ind2=" ">
      <marc:subfield code="a">Stolze, Gerhard,</marc:subfield>
      <marc:subfield code="e">singer.</marc:subfield>
    </marc:datafield>
    <marc:datafield tag="700" ind1="1" ind2=" ">
      <marc:subfield code="a">Nienstedt, Gerd,</marc:subfield>
      <marc:subfield code="d">1932-1993,</marc:subfield>
      <marc:subfield code="e">singer.</marc:subfield>
    </marc:datafield>
    <marc:datafield tag="700" ind1="1" ind2=" ">
      <marc:subfield code="a">Hendricks, Louis,</marc:subfield>
      <marc:subfield code="e">singer.</marc:subfield>
    </marc:datafield>
    <marc:datafield tag="700" ind1="1" ind2=" ">
      <marc:subfield code="a">Esser, Hermin,</marc:subfield>
      <marc:subfield code="e">singer.</marc:subfield>
    </marc:datafield>
    <marc:datafield tag="700" ind1="1" ind2=" ">
      <marc:subfield code="a">Kanel, Vladimir de,</marc:subfield>
      <marc:subfield code="d">1940-</marc:subfield>
      <marc:subfield code="e">singer.</marc:subfield>
    </marc:datafield>
    <marc:datafield tag="700" ind1="1" ind2=" ">
      <marc:subfield code="a">Finnilä, Birgit,</marc:subfield>
      <marc:subfield code="e">singer.</marc:subfield>
    </marc:datafield>
    <marc:datafield tag="700" ind1="1" ind2=" ">
      <marc:subfield code="a">Randová, Eva,</marc:subfield>
      <marc:subfield code="e">singer.</marc:subfield>
    </marc:datafield>
    <marc:datafield tag="700" ind1="1" ind2=" ">
      <marc:subfield code="a">Moser, Edda,</marc:subfield>
      <marc:subfield code="e">singer.</marc:subfield>
    </marc:datafield>
    <marc:datafield tag="700" ind1="1" ind2=" ">
      <marc:subfield code="a">Rebmann, Lieselotte,</marc:subfield>
      <marc:subfield code="e">singer.</marc:subfield>
    </marc:datafield>
    <marc:datafield tag="700" ind1="1" ind2="2">
      <marc:subfield code="i">Container of (work):</marc:subfield>
      <marc:subfield code="a">Wagner, Richard,</marc:subfield>
      <marc:subfield code="d">1813-1883.</marc:subfield>
      <marc:subfield code="t">Ring des Nibelungen.</marc:subfield>
      <marc:subfield code="p">Rheingold.</marc:subfield>
    </marc:datafield>
    <marc:datafield tag="710" ind1="2" ind2=" ">
      <marc:subfield code="a">Berliner Philharmoniker,</marc:subfield>
      <marc:subfield code="e">instrumentalist.</marc:subfield>
    </marc:datafield>
    <marc:datafield tag="830" ind1=" " ind2="0">
      <marc:subfield code="a">Digital Concert Hall (Series) ;</marc:subfield>
      <marc:subfield code="v">1981.</marc:subfield>
    </marc:datafield>
    <marc:datafield tag="856" ind1="4" ind2="0">
      <marc:subfield code="u">https://www.digitalconcerthall.com/de/film/223</marc:subfield>
    </marc:datafield>
  </marc:record>