
  <marc:record xmlns="http://www.loc.gov/MARC21/slim">
    <marc:leader>00000ngm a2200000 i 4500</marc:leader>
    <marc:controlfield tag="001">on1399431780</marc:controlfield>
    <marc:controlfield tag="006">g139            vl</marc:controlfield>
    <marc:controlfield tag="006">m     o  z        </marc:controlfield>
    <marc:controlfield tag="007">vz czazzu</marc:controlfield>
    <marc:controlfield tag="007">cr cna||||||||</marc:controlfield>
    <marc:controlfield tag="008">230925t19731973gw 139            vlita d</marc:controlfield>
    <marc:datafield tag="040" ind1=" " ind2=" ">
      <marc:subfield code="a">IUL</marc:subfield>
      <marc:subfield code="b">eng</marc:subfield>
      <marc:subfield code="e">rda</marc:subfield>
      <marc:subfield code="c">IUL</marc:subfield>
    </marc:datafield>
    <marc:datafield tag="033" ind1="0" ind2="0">
      <marc:subfield code="a">197304--</marc:subfield>
    </marc:datafield>
      <marc:datafield tag="035" ind1=" " ind2=" "><marc:subfield code="a">(OCoLC)1399431780</marc:subfield></marc:datafield>
    <marc:datafield tag="041" ind1=" " ind2=" ">
      <marc:subfield code="b">eng</marc:subfield>
      <marc:subfield code="b">ger</marc:subfield>
      <marc:subfield code="d">ita</marc:subfield>
      <marc:subfield code="j">eng</marc:subfield>
      <marc:subfield code="j">ger</marc:subfield>
    </marc:datafield>
    <marc:datafield tag="047" ind1=" " ind2=" ">
      <marc:subfield code="a">op</marc:subfield>
    </marc:datafield>
    <marc:datafield tag="049" ind1=" " ind2=" ">
      <marc:subfield code="a">IULA</marc:subfield>
    </marc:datafield>
    <marc:datafield tag="100" ind1="1" ind2=" ">
      <marc:subfield code="a">Verdi, Giuseppe,</marc:subfield>
      <marc:subfield code="d">1813-1901,</marc:subfield>
      <marc:subfield code="e">composer.</marc:subfield>
    </marc:datafield>
    <marc:datafield tag="240" ind1="1" ind2="0">
      <marc:subfield code="a">Otello</marc:subfield>
    </marc:datafield>
    <marc:datafield tag="245" ind1="1" ind2="0">
      <marc:subfield code="a">Karajan conducts Verdi's "Otello" =</marc:subfield>
      <marc:subfield code="b">Karajan dirigiert Verdis "Otello" /</marc:subfield>
      <marc:subfield code="c">Herbert von Karajan ; Berliner Philharmoniker.</marc:subfield>
    </marc:datafield>
    <marc:datafield tag="264" ind1=" " ind2="0">
      <marc:subfield code="a">Berlin :</marc:subfield>
      <marc:subfield code="b">Berlin Phil GmbH,</marc:subfield>
      <marc:subfield code="c">1973</marc:subfield>
    </marc:datafield>
    <marc:datafield tag="264" ind1=" " ind2="4">
      <marc:subfield code="c">©1973</marc:subfield>
    </marc:datafield>
    <marc:datafield tag="300" ind1=" " ind2=" ">
      <marc:subfield code="a">1 online resource (1 video file, 139 min.) :</marc:subfield>
      <marc:subfield code="b">sound, color</marc:subfield>
    </marc:datafield>
    <marc:datafield tag="336" ind1=" " ind2=" ">
      <marc:subfield code="a">performed music</marc:subfield>
      <marc:subfield code="b">prm</marc:subfield>
      <marc:subfield code="2">rdacontent</marc:subfield>
    </marc:datafield>
    <marc:datafield tag="336" ind1=" " ind2=" ">
      <marc:subfield code="a">two-dimensional moving image</marc:subfield>
      <marc:subfield code="b">tdi</marc:subfield>
      <marc:subfield code="2">rdacontent</marc:subfield>
    </marc:datafield>
    <marc:datafield tag="337" ind1=" " ind2=" ">
      <marc:subfield code="a">video</marc:subfield>
      <marc:subfield code="b">v</marc:subfield>
      <marc:subfield code="2">rdamedia</marc:subfield>
    </marc:datafield>
    <marc:datafield tag="337" ind1=" " ind2=" ">
      <marc:subfield code="a">computer</marc:subfield>
      <marc:subfield code="b">c</marc:subfield>
      <marc:subfield code="2">rdamedia</marc:subfield>
    </marc:datafield>
    <marc:datafield tag="338" ind1=" " ind2=" ">
      <marc:subfield code="a">online resource</marc:subfield>
      <marc:subfield code="b">cr</marc:subfield>
      <marc:subfield code="2">rdacarrier</marc:subfield>
    </marc:datafield>
    <marc:datafield tag="344" ind1=" " ind2=" ">
      <marc:subfield code="a">digital</marc:subfield>
      <marc:subfield code="2">rdatr</marc:subfield>
    </marc:datafield>
    <marc:datafield tag="344" ind1=" " ind2=" ">
      <marc:subfield code="g">stereo</marc:subfield>
      <marc:subfield code="2">rdacpc</marc:subfield>
    </marc:datafield>
    <marc:datafield tag="347" ind1=" " ind2=" ">
      <marc:subfield code="a">streaming video file</marc:subfield>
      <marc:subfield code="2">rda</marc:subfield>
    </marc:datafield>
    <marc:datafield tag="490" ind1="1" ind2=" ">
      <marc:subfield code="a">Digital Concert Hall (Series)</marc:subfield>
    </marc:datafield>
    <marc:datafield tag="500" ind1=" " ind2=" ">
      <marc:subfield code="a">Title from film page and Berlin Phil Media GmbH.</marc:subfield>
    </marc:datafield>
    <marc:datafield tag="506" ind1="1" ind2=" ">
      <marc:subfield code="a">Access limited to subscribers.</marc:subfield>
    </marc:datafield>
    <marc:datafield tag="511" ind1="0" ind2=" ">
      <marc:subfield code="a">Jon Vickers as Otello ; Mirella Freni as Desdemona ; Peter Glossop as Jago ; Aldo Bottion as Cassio ; Stefania Malagù as Emilia ; Michel Sénéchal as Rodrigo ; Mario Macchi as Montano ; José van Dam as Lodovico ; Herbert von Karajan, conductor ; Berliner Philharmoniker ; Chorus of Deutsche Oper Berlin.</marc:subfield>
    </marc:datafield>
    <marc:datafield tag="508" ind1=" " ind2=" ">
      <marc:subfield code="a">Herbert von Karajan, director ; Roger Benamou, director ; Walter Hagen-Groll, chorus master ; Günter Schneider-Siemessen, costume and set designer ; Georges Wakhevitch, costume designer.</marc:subfield>
    </marc:datafield>
    <marc:datafield tag="516" ind1=" " ind2=" ">
      <marc:subfield code="a">Streaming video.</marc:subfield>
    </marc:datafield>
    <marc:datafield tag="518" ind1=" " ind2=" ">
      <marc:subfield code="o">Recorded</marc:subfield>
      <marc:subfield code="p">Berlin Philharmonie</marc:subfield>
      <marc:subfield code="d">April 1973.</marc:subfield>
    </marc:datafield>
    <marc:datafield tag="520" ind1=" " ind2=" ">
      <marc:subfield code="a">Herbert von Karajan's 1970-72 Salzburg Festival production of Verdi's Otello, preserved in the historically important 1973 film co-directed by Roger Benamou, featured one of the greatest casts and productions of the twentieth century. Jon Vickers portrayed Otello with modern psychological insights and trumpet-like tones, impressing Karajan as the ultimate interpreter of the role. His scenes with the lyric soprano Mirella Freni as Desdemona in the final acts were intensely moving. Peter Glossop, known for his piercing eyes and dramatic intelligence, portrayed Iago in the English tradition, embodying the embittered soldier of Shakespeare's tragedy. Set and costume designs by Günther Schneider-Siemssen and Georges Wakhevitch, along with the Berlin Philharmoniker's exceptional performance, contributed to the production's brilliance. Despite technical challenges in the original cinema release, digital remastering has now resolved these issues, ensuring its enduring legacy.</marc:subfield>
    </marc:datafield>
    <marc:datafield tag="546" ind1=" " ind2=" ">
      <marc:subfield code="a">Sung in Italian.</marc:subfield>
    </marc:datafield>
    <marc:datafield tag="650" ind1=" " ind2="0">
      <marc:subfield code="a">Operas.</marc:subfield>
    </marc:datafield>
    <marc:datafield tag="655" ind1=" " ind2="7">
      <marc:subfield code="a">Operas.</marc:subfield>
      <marc:subfield code="2">lcgft</marc:subfield>
    </marc:datafield>
    <marc:datafield tag="655" ind1=" " ind2="7">
      <marc:subfield code="a">Filmed performances.</marc:subfield>
      <marc:subfield code="2">lcgft</marc:subfield>
    </marc:datafield>
    <marc:datafield tag="700" ind1="1" ind2=" ">
      <marc:subfield code="a">Karajan, Herbert von,</marc:subfield>
      <marc:subfield code="e">conductor,</marc:subfield>
      <marc:subfield code="e">director.</marc:subfield>
    </marc:datafield>
    <marc:datafield tag="700" ind1="1" ind2=" ">
      <marc:subfield code="a">Vickers, Jon,</marc:subfield>
      <marc:subfield code="e">singer.</marc:subfield>
    </marc:datafield>
    <marc:datafield tag="700" ind1="1" ind2=" ">
      <marc:subfield code="a">Freni, Mirella,</marc:subfield>
      <marc:subfield code="d">1935-2020,</marc:subfield>
      <marc:subfield code="e">singer.</marc:subfield>
    </marc:datafield>
    <marc:datafield tag="700" ind1="1" ind2=" ">
      <marc:subfield code="a">Glossop, Peter,</marc:subfield>
      <marc:subfield code="d">1928-2008,</marc:subfield>
      <marc:subfield code="e">singer.</marc:subfield>
    </marc:datafield>
    <marc:datafield tag="700" ind1="1" ind2=" ">
      <marc:subfield code="a">Bottion, Aldo,</marc:subfield>
      <marc:subfield code="e">singer.</marc:subfield>
    </marc:datafield>
    <marc:datafield tag="700" ind1="1" ind2=" ">
      <marc:subfield code="a">Malagù, Stefania,</marc:subfield>
      <marc:subfield code="e">singer.</marc:subfield>
    </marc:datafield>
    <marc:datafield tag="700" ind1="1" ind2=" ">
      <marc:subfield code="a">Sénéchal, Michel,</marc:subfield>
      <marc:subfield code="e">singer.</marc:subfield>
    </marc:datafield>
    <marc:datafield tag="700" ind1="1" ind2=" ">
      <marc:subfield code="a">Macchi, Mario</marc:subfield>
      <marc:subfield code="c">(Bass),</marc:subfield>
      <marc:subfield code="e">singer.</marc:subfield>
    </marc:datafield>
    <marc:datafield tag="700" ind1="1" ind2=" ">
      <marc:subfield code="a">Dam, José van,</marc:subfield>
      <marc:subfield code="e">singer.</marc:subfield>
    </marc:datafield>
    <marc:datafield tag="700" ind1="1" ind2=" ">
      <marc:subfield code="a">Benamou, Roger,</marc:subfield>
      <marc:subfield code="e">director.</marc:subfield>
    </marc:datafield>
    <marc:datafield tag="700" ind1="1" ind2=" ">
      <marc:subfield code="a">Hagen-Groll, Walter.</marc:subfield>
    </marc:datafield>
    <marc:datafield tag="700" ind1="1" ind2=" ">
      <marc:subfield code="a">Schneider-Siemssen, Günther,</marc:subfield>
      <marc:subfield code="e">costume designer.</marc:subfield>
    </marc:datafield>
    <marc:datafield tag="700" ind1="1" ind2=" ">
      <marc:subfield code="a">Wakhevitch, Georges,</marc:subfield>
      <marc:subfield code="d">1907-1984,</marc:subfield>
      <marc:subfield code="e">costume designer.</marc:subfield>
    </marc:datafield>
    <marc:datafield tag="700" ind1="1" ind2=" ">
      <marc:subfield code="a">Boito, Arrigo,</marc:subfield>
      <marc:subfield code="d">1842-1918,</marc:subfield>
      <marc:subfield code="e">librettist.</marc:subfield>
    </marc:datafield>
    <marc:datafield tag="700" ind1="1" ind2="2">
      <marc:subfield code="i">Container of (work):</marc:subfield>
      <marc:subfield code="a">Verdi, Giuseppe,</marc:subfield>
      <marc:subfield code="d">1813-1901.</marc:subfield>
      <marc:subfield code="t">Otello.</marc:subfield>
    </marc:datafield>
    <marc:datafield tag="710" ind1="2" ind2=" ">
      <marc:subfield code="a">Berliner Philharmoniker,</marc:subfield>
      <marc:subfield code="e">performer.</marc:subfield>
    </marc:datafield>
    <marc:datafield tag="710" ind1="2" ind2=" ">
      <marc:subfield code="a">Deutsche Oper Berlin.</marc:subfield>
      <marc:subfield code="b">Chor,</marc:subfield>
      <marc:subfield code="e">performer.</marc:subfield>
    </marc:datafield>
    <marc:datafield tag="830" ind1=" " ind2="0">
      <marc:subfield code="a">Digital Concert Hall (Series) ;</marc:subfield>
      <marc:subfield code="v">1973.</marc:subfield>
    </marc:datafield>
    <marc:datafield tag="856" ind1="4" ind2="0">
      <marc:subfield code="u">https://www.digitalconcerthall.com/en/film/213</marc:subfield>
    </marc:datafield>
  </marc:record>