
<marc:record><marc:leader>03073ngm a2200577 i 4500</marc:leader>
<marc:controlfield tag="001">on1468505694</marc:controlfield>
<marc:controlfield tag="003">OCoLC</marc:controlfield><marc:controlfield tag="005">20241202015424.0</marc:controlfield><marc:controlfield tag="006">m     o  c        </marc:controlfield><marc:controlfield tag="007">vz czazzu</marc:controlfield><marc:controlfield tag="007">cr cna---||a|a</marc:controlfield><marc:controlfield tag="008">241112s2024    gw 010        o   vlmul d</marc:controlfield><marc:datafield tag="040" ind1=" " ind2=" "><marc:subfield code="a">IUL</marc:subfield><marc:subfield code="b">eng</marc:subfield><marc:subfield code="e">rda</marc:subfield><marc:subfield code="c">IUL</marc:subfield><marc:subfield code="d">OCLCO</marc:subfield></marc:datafield><marc:datafield tag="035" ind1=" " ind2=" "><marc:subfield code="a">(OCoLC)1468505694</marc:subfield></marc:datafield><marc:datafield tag="041" ind1=" " ind2=" "><marc:subfield code="d">eng</marc:subfield><marc:subfield code="d">ger</marc:subfield><marc:subfield code="g">eng</marc:subfield><marc:subfield code="j">eng</marc:subfield><marc:subfield code="j">ger</marc:subfield></marc:datafield><marc:datafield tag="049" ind1=" " ind2=" "><marc:subfield code="a">IULA</marc:subfield></marc:datafield><marc:datafield tag="245" ind1="0" ind2="4"><marc:subfield code="a">The Be Phil Orchestra Japan =</marc:subfield><marc:subfield code="b">Das Be Phil Orchestra Japan /</marc:subfield><marc:subfield code="c">Magdalena Zieba-Schwind and Adam Janisch</marc:subfield></marc:datafield><marc:datafield tag="264" ind1=" " ind2="1"><marc:subfield code="a">Berlin :</marc:subfield><marc:subfield code="b">Berlin Phil Media GmbH,</marc:subfield><marc:subfield code="c">2024</marc:subfield></marc:datafield><marc:datafield tag="264" ind1=" " ind2="4"><marc:subfield code="c"> 2024</marc:subfield></marc:datafield><marc:datafield tag="300" ind1=" " ind2=" "><marc:subfield code="a">1 online resource (1 video file) :</marc:subfield><marc:subfield code="b">digital, sound, color</marc:subfield></marc:datafield><marc:datafield tag="336" ind1=" " ind2=" "><marc:subfield code="a">two-dimensional moving image</marc:subfield><marc:subfield code="b">tdi</marc:subfield><marc:subfield code="2">rdacontent</marc:subfield></marc:datafield><marc:datafield tag="337" ind1=" " ind2=" "><marc:subfield code="a">video</marc:subfield><marc:subfield code="b">v</marc:subfield><marc:subfield code="2">rdamedia</marc:subfield></marc:datafield><marc:datafield tag="337" ind1=" " ind2=" "><marc:subfield code="a">computer</marc:subfield><marc:subfield code="b">c</marc:subfield><marc:subfield code="2">rdamedia</marc:subfield></marc:datafield><marc:datafield tag="338" ind1=" " ind2=" "><marc:subfield code="a">online resource</marc:subfield><marc:subfield code="b">cr</marc:subfield><marc:subfield code="2">rdacarrier</marc:subfield></marc:datafield><marc:datafield tag="344" ind1=" " ind2=" "><marc:subfield code="a">digital</marc:subfield></marc:datafield><marc:datafield tag="344" ind1=" " ind2=" "><marc:subfield code="g">stereo</marc:subfield><marc:subfield code="2">rdacpc</marc:subfield></marc:datafield><marc:datafield tag="347" ind1=" " ind2=" "><marc:subfield code="a">streaming video file</marc:subfield><marc:subfield code="2">rda</marc:subfield></marc:datafield><marc:datafield tag="382" ind1="0" ind2="1"><marc:subfield code="a">speaker</marc:subfield><marc:subfield code="n">1</marc:subfield><marc:subfield code="s">1</marc:subfield><marc:subfield code="2">lcmpt</marc:subfield></marc:datafield><marc:datafield tag="490" ind1="1" ind2=" "><marc:subfield code="a">Berliner Philharmoniker Digital Concert Hall ;</marc:subfield><marc:subfield code="v">2024</marc:subfield></marc:datafield><marc:datafield tag="516" ind1=" " ind2=" "><marc:subfield code="a">Streaming video.</marc:subfield></marc:datafield><marc:datafield tag="546" ind1=" " ind2=" "><marc:subfield code="a">In German with English subtitles or English with German subtitles.</marc:subfield></marc:datafield><marc:datafield tag="500" ind1=" " ind2=" "><marc:subfield code="a">Title from film page and Berlin Phil Media GmbH.</marc:subfield></marc:datafield><marc:datafield tag="511" ind1="0" ind2=" "><marc:subfield code="a">Kirill Petrenko, conductor ; Raphael Haeger, conductor ; Daishin Kashimoto, violin ; Ludwig Quandt, cello ; Members of the Berliner Philharmoniker ; Members of the Karajan Academy.</marc:subfield></marc:datafield><marc:datafield tag="518" ind1=" " ind2=" "><marc:subfield code="o">Recorded</marc:subfield><marc:subfield code="d">2024</marc:subfield><marc:subfield code="p">Suntory Hall, Tokyo.</marc:subfield></marc:datafield><marc:datafield tag="508" ind1=" " ind2=" "><marc:subfield code="a">Director, Magdalena Zieba-Schwind ; Director, Adam Janisch.</marc:subfield></marc:datafield><marc:datafield tag="506" ind1="1" ind2=" "><marc:subfield code="a">Access limited to subscribers.</marc:subfield></marc:datafield><marc:datafield tag="520" ind1=" " ind2=" "><marc:subfield code="a">&quot;In 2024, a dream came true for around 100 amateur musicians in Japan, when they took to the stage of Tokyo's famous Suntory Hall as the Be Phil Orchestra with Kirill Petrenko and members of the Berliner Philharmoniker. After intensive rehearsals together, they presented a concert featuring works by Prokofiev and Brahms. The film documents the education project and the great love of music-making shown by everyone involved&quot;--Film page.</marc:subfield></marc:datafield><marc:datafield tag="650" ind1=" " ind2="0"><marc:subfield code="a">Music</marc:subfield><marc:subfield code="x">Music occupations</marc:subfield><marc:subfield code="x">Music careers.</marc:subfield></marc:datafield><marc:datafield tag="655" ind1=" " ind2="7"><marc:subfield code="a">documentary film.</marc:subfield><marc:subfield code="2">aat</marc:subfield><marc:subfield code="0">(CStmoGRI)aatgf300375156</marc:subfield></marc:datafield><marc:datafield tag="655" ind1=" " ind2="7"><marc:subfield code="a">Documentary films.</marc:subfield><marc:subfield code="2">lcgft</marc:subfield></marc:datafield><marc:datafield tag="655" ind1=" " ind2="7"><marc:subfield code="a">Documentaires.</marc:subfield><marc:subfield code="2">rvmgf</marc:subfield><marc:subfield code="0">(CaQQLa)RVMGF-000000017</marc:subfield></marc:datafield><marc:datafield tag="700" ind1="1" ind2=" "><marc:subfield code="a">Zi ba-Schwind, Magdalena,</marc:subfield><marc:subfield code="e">director.</marc:subfield></marc:datafield><marc:datafield tag="700" ind1="1" ind2=" "><marc:subfield code="a">Janisch, Adam,</marc:subfield><marc:subfield code="e">director.</marc:subfield></marc:datafield><marc:datafield tag="700" ind1="1" ind2=" "><marc:subfield code="a">Haeger, Raphael,</marc:subfield><marc:subfield code="e">interviewee (expression)</marc:subfield><marc:subfield code="1">https://id.oclc.org/worldcat/entity/E39PCjFf3cxjDRP8Q4CkPWyMHd</marc:subfield></marc:datafield><marc:datafield tag="700" ind1="1" ind2=" "><marc:subfield code="a">Kashimoto, Daishin,</marc:subfield><marc:subfield code="e">interviewee (expression)</marc:subfield><marc:subfield code="1">https://id.oclc.org/worldcat/entity/E39PBJrkYKx3BGYVx83jXjBwYP</marc:subfield></marc:datafield><marc:datafield tag="700" ind1="1" ind2=" "><marc:subfield code="a">Quandt, Ludwig,</marc:subfield><marc:subfield code="d">1961-</marc:subfield><marc:subfield code="e">interviewee (expression)</marc:subfield><marc:subfield code="1">https://id.oclc.org/worldcat/entity/E39PCjCtQbYPk6MXryj7tQWQ4q</marc:subfield></marc:datafield><marc:datafield tag="700" ind1="1" ind2="2"><marc:subfield code="i">Container of (work):</marc:subfield><marc:subfield code="a">Prokofiev, Sergey,</marc:subfield><marc:subfield code="d">1891-1953.</marc:subfield><marc:subfield code="t">Romeo i Dzhul etta (Ballet).</marc:subfield><marc:subfield code="p">Suite,</marc:subfield><marc:subfield code="n">no. 2.</marc:subfield><marc:subfield code="p">Montekki i Kapuletti.</marc:subfield></marc:datafield><marc:datafield tag="710" ind1="2" ind2=" "><marc:subfield code="a">Berliner Philharmoniker,</marc:subfield><marc:subfield code="e">instrumentalist.</marc:subfield></marc:datafield><marc:datafield tag="830" ind1=" " ind2="0"><marc:subfield code="a">Digital Concert Hall (Series) ;</marc:subfield><marc:subfield code="v">2024.</marc:subfield></marc:datafield><marc:datafield tag="856" ind1="4" ind2="0"><marc:subfield code="u">https://www.digitalconcerthall.com/en/film/396</marc:subfield></marc:datafield><marc:datafield tag="994" ind1=" " ind2=" "><marc:subfield code="a">C0</marc:subfield><marc:subfield code="b">IUL</marc:subfield></marc:datafield></marc:record>