
<marc:record><marc:leader>04471ngm a2200637 i 4500</marc:leader>
<marc:controlfield tag="001">on1468507007</marc:controlfield>
<marc:controlfield tag="003">OCoLC</marc:controlfield><marc:controlfield tag="005">20241202015424.0</marc:controlfield><marc:controlfield tag="006">m     o  c        </marc:controlfield><marc:controlfield tag="007">vz czazzu</marc:controlfield><marc:controlfield tag="007">cr cna---||a|a</marc:controlfield><marc:controlfield tag="008">241112s2024    gw 058        o   vlmul d</marc:controlfield><marc:datafield tag="040" ind1=" " ind2=" "><marc:subfield code="a">IUL</marc:subfield><marc:subfield code="b">eng</marc:subfield><marc:subfield code="e">rda</marc:subfield><marc:subfield code="c">IUL</marc:subfield><marc:subfield code="d">OCLCO</marc:subfield></marc:datafield><marc:datafield tag="035" ind1=" " ind2=" "><marc:subfield code="a">(OCoLC)1468507007</marc:subfield></marc:datafield><marc:datafield tag="041" ind1=" " ind2=" "><marc:subfield code="d">eng</marc:subfield><marc:subfield code="d">ger</marc:subfield><marc:subfield code="d">jpn</marc:subfield><marc:subfield code="d">kor</marc:subfield><marc:subfield code="g">eng</marc:subfield><marc:subfield code="j">eng</marc:subfield><marc:subfield code="j">ger</marc:subfield></marc:datafield><marc:datafield tag="049" ind1=" " ind2=" "><marc:subfield code="a">IULA</marc:subfield></marc:datafield><marc:datafield tag="245" ind1="0" ind2="0"><marc:subfield code="a">15 years of the Digital Concert Hall :</marc:subfield><marc:subfield code="b">the anniversary broadcast = 15 Jahre Digital Concert Hall - die Jubil aumssendung /</marc:subfield><marc:subfield code="c">Katharina Bernstone and Magdalena Zieba-Schwind</marc:subfield></marc:datafield><marc:datafield tag="264" ind1=" " ind2="1"><marc:subfield code="a">Berlin :</marc:subfield><marc:subfield code="b">Berlin Phil Media GmbH,</marc:subfield><marc:subfield code="c">2024</marc:subfield></marc:datafield><marc:datafield tag="264" ind1=" " ind2="4"><marc:subfield code="c"> 2024</marc:subfield></marc:datafield><marc:datafield tag="300" ind1=" " ind2=" "><marc:subfield code="a">1 online resource (1 video file) :</marc:subfield><marc:subfield code="b">digital, sound, color</marc:subfield></marc:datafield><marc:datafield tag="336" ind1=" " ind2=" "><marc:subfield code="a">two-dimensional moving image</marc:subfield><marc:subfield code="b">tdi</marc:subfield><marc:subfield code="2">rdacontent</marc:subfield></marc:datafield><marc:datafield tag="337" ind1=" " ind2=" "><marc:subfield code="a">video</marc:subfield><marc:subfield code="b">v</marc:subfield><marc:subfield code="2">rdamedia</marc:subfield></marc:datafield><marc:datafield tag="337" ind1=" " ind2=" "><marc:subfield code="a">computer</marc:subfield><marc:subfield code="b">c</marc:subfield><marc:subfield code="2">rdamedia</marc:subfield></marc:datafield><marc:datafield tag="338" ind1=" " ind2=" "><marc:subfield code="a">online resource</marc:subfield><marc:subfield code="b">cr</marc:subfield><marc:subfield code="2">rdacarrier</marc:subfield></marc:datafield><marc:datafield tag="344" ind1=" " ind2=" "><marc:subfield code="a">digital</marc:subfield></marc:datafield><marc:datafield tag="344" ind1=" " ind2=" "><marc:subfield code="g">stereo</marc:subfield><marc:subfield code="2">rdacpc</marc:subfield></marc:datafield><marc:datafield tag="347" ind1=" " ind2=" "><marc:subfield code="a">streaming video file</marc:subfield><marc:subfield code="2">rda</marc:subfield></marc:datafield><marc:datafield tag="382" ind1="0" ind2="1"><marc:subfield code="a">speaker</marc:subfield><marc:subfield code="n">1</marc:subfield><marc:subfield code="s">1</marc:subfield><marc:subfield code="2">lcmpt</marc:subfield></marc:datafield><marc:datafield tag="490" ind1="1" ind2=" "><marc:subfield code="a">Berliner Philharmoniker Digital Concert Hall ;</marc:subfield><marc:subfield code="v">2024</marc:subfield></marc:datafield><marc:datafield tag="516" ind1=" " ind2=" "><marc:subfield code="a">Streaming video.</marc:subfield></marc:datafield><marc:datafield tag="546" ind1=" " ind2=" "><marc:subfield code="a">In English, German, Japanese, or Korean with English and/or German subtitles.</marc:subfield></marc:datafield><marc:datafield tag="500" ind1=" " ind2=" "><marc:subfield code="a">Title from film page and Berlin Phil Media GmbH.</marc:subfield></marc:datafield><marc:datafield tag="511" ind1="0" ind2=" "><marc:subfield code="a">Sarah Willis, speaker ; Sol ene Kermarrec, speaker ; Knut Weber, speaker ; Stefan Dohr, speaker ; Matthew McDonald, speaker ; Berliner Philharmoniker.</marc:subfield></marc:datafield><marc:datafield tag="508" ind1=" " ind2=" "><marc:subfield code="a">Director, Katharina Bernstone ; director, Magdalena Zieba-Schwind ; video editor, Uli Peschke ; video editor, Adam Janisch ; video editor, Jakob von Bernstorff ; video editor, Friedrich Kille.</marc:subfield></marc:datafield><marc:datafield tag="506" ind1="1" ind2=" "><marc:subfield code="a">Access limited to subscribers.</marc:subfield></marc:datafield><marc:datafield tag="520" ind1=" " ind2=" "><marc:subfield code="a">&quot;The launch of the Berliner Philharmoniker's Digital Concert Hall in 2008 was the result of an &quot;adventurous and actually crazy idea&quot;, according to principal cellist and founder Olaf Maninger. In a major anniversary broadcast, presenter and horn player Sarah Willis, other members of the Berliner Philharmoniker and special guests will take an entertaining look back, ahead, and behind the scenes - from the first live broadcast and numerous musical highlights to the latest technical developments. The digital world was still in its infancy when the Berliner Philharmoniker first ventured into new technological territory: to make itself independent of struggling record companies and TV broadcasts, the orchestra itself became a producer. The concerts were to be shown and documented in the best sound and image quality possible on a dedicated internet platform: the Digital Concert Hall. Olaf Maninger first had to do some convincing - even a world-class orchestra like the Berliner Philharmoniker can be shy of the camera. The orchestra agreed, but on the condition that neither recording equipment nor lighting would intrude on the concerts. The innovative solution: instead of cameras on the stage, permanently installed, silent remote-controlled cameras provided the images from the auditorium right from the start. In 2008, the vision became reality - and now the Digital Concert Hall is celebrating its 15th anniversary this season. Reason enough to take a look back together: at 15 years of online orchestral history and a selection of special events relating to the Digital Concert Hall&quot;--Film page.</marc:subfield></marc:datafield><marc:datafield tag="610" ind1="2" ind2="0"><marc:subfield code="a">Berliner Philharmoniker.</marc:subfield></marc:datafield><marc:datafield tag="650" ind1=" " ind2="0"><marc:subfield code="a">Music</marc:subfield><marc:subfield code="x">Music occupations</marc:subfield><marc:subfield code="x">Music careers.</marc:subfield></marc:datafield><marc:datafield tag="655" ind1=" " ind2="7"><marc:subfield code="a">documentary film.</marc:subfield><marc:subfield code="2">aat</marc:subfield><marc:subfield code="0">(CStmoGRI)aatgf300375156</marc:subfield></marc:datafield><marc:datafield tag="655" ind1=" " ind2="7"><marc:subfield code="a">Documentary films.</marc:subfield><marc:subfield code="2">lcgft</marc:subfield></marc:datafield><marc:datafield tag="655" ind1=" " ind2="7"><marc:subfield code="a">Documentaires.</marc:subfield><marc:subfield code="2">rvmgf</marc:subfield><marc:subfield code="0">(CaQQLa)RVMGF-000000017</marc:subfield></marc:datafield><marc:datafield tag="700" ind1="1" ind2=" "><marc:subfield code="a">Bernstone, Katharina,</marc:subfield><marc:subfield code="e">director,</marc:subfield><marc:subfield code="e">producer.</marc:subfield></marc:datafield><marc:datafield tag="700" ind1="1" ind2=" "><marc:subfield code="a">Zi ba-Schwind, Magdalena,</marc:subfield><marc:subfield code="e">director,</marc:subfield><marc:subfield code="e">producer.</marc:subfield></marc:datafield><marc:datafield tag="700" ind1="1" ind2=" "><marc:subfield code="a">Peschke, Uli,</marc:subfield><marc:subfield code="e">editor.</marc:subfield></marc:datafield><marc:datafield tag="700" ind1="1" ind2=" "><marc:subfield code="a">Janisch, Adam,</marc:subfield><marc:subfield code="e">editor.</marc:subfield></marc:datafield><marc:datafield tag="700" ind1="1" ind2=" "><marc:subfield code="a">Bernstorff, Jakob von,</marc:subfield><marc:subfield code="e">editor</marc:subfield></marc:datafield><marc:datafield tag="700" ind1="1" ind2=" "><marc:subfield code="a">Kille, Friedrich,</marc:subfield><marc:subfield code="e">editor</marc:subfield></marc:datafield><marc:datafield tag="700" ind1="1" ind2=" "><marc:subfield code="a">Willis, Sarah,</marc:subfield><marc:subfield code="d">1968-</marc:subfield><marc:subfield code="e">speaker.</marc:subfield><marc:subfield code="1">https://id.oclc.org/worldcat/entity/E39PBJtRM7wh4X94RHWtpRWYyd</marc:subfield></marc:datafield><marc:datafield tag="700" ind1="1" ind2=" "><marc:subfield code="a">Kermarrec, Sol ene,</marc:subfield><marc:subfield code="e">speaker.</marc:subfield></marc:datafield><marc:datafield tag="700" ind1="1" ind2=" "><marc:subfield code="a">Weber, Knut,</marc:subfield><marc:subfield code="e">speaker.</marc:subfield></marc:datafield><marc:datafield tag="700" ind1="1" ind2=" "><marc:subfield code="a">Dohr, Stefan,</marc:subfield><marc:subfield code="d">1965-</marc:subfield><marc:subfield code="e">speaker.</marc:subfield><marc:subfield code="1">https://id.oclc.org/worldcat/entity/E39PBJcGmXPX4CRGpHbQ88Qg8C</marc:subfield></marc:datafield><marc:datafield tag="700" ind1="1" ind2=" "><marc:subfield code="a">McDonald, Matthew</marc:subfield><marc:subfield code="c">(Bassist),</marc:subfield><marc:subfield code="e">speaker.</marc:subfield></marc:datafield><marc:datafield tag="710" ind1="2" ind2=" "><marc:subfield code="a">Berliner Philharmoniker,</marc:subfield><marc:subfield code="e">instrumentalist.</marc:subfield></marc:datafield><marc:datafield tag="830" ind1=" " ind2="0"><marc:subfield code="a">Digital Concert Hall (Series) ;</marc:subfield><marc:subfield code="v">2024.</marc:subfield></marc:datafield><marc:datafield tag="856" ind1="4" ind2="0"><marc:subfield code="u">https://www.digitalconcerthall.com/en/film/393</marc:subfield></marc:datafield><marc:datafield tag="994" ind1=" " ind2=" "><marc:subfield code="a">C0</marc:subfield><marc:subfield code="b">IUL</marc:subfield></marc:datafield></marc:record>