
<marc:record><marc:leader>04427ngm a2200817 i 4500</marc:leader>
<marc:controlfield tag="001">on1468507565</marc:controlfield>
<marc:controlfield tag="003">OCoLC</marc:controlfield><marc:controlfield tag="005">20241202015425.0</marc:controlfield><marc:controlfield tag="006">m     o  c        </marc:controlfield><marc:controlfield tag="007">vz czazzu</marc:controlfield><marc:controlfield tag="007">cr cna---||a|a</marc:controlfield><marc:controlfield tag="008">241112s2024    gw 052        o   vlger d</marc:controlfield><marc:datafield tag="040" ind1=" " ind2=" "><marc:subfield code="a">IUL</marc:subfield><marc:subfield code="b">eng</marc:subfield><marc:subfield code="e">rda</marc:subfield><marc:subfield code="c">IUL</marc:subfield><marc:subfield code="d">OCLCO</marc:subfield></marc:datafield><marc:datafield tag="035" ind1=" " ind2=" "><marc:subfield code="a">(OCoLC)1468507565</marc:subfield></marc:datafield><marc:datafield tag="041" ind1=" " ind2=" "><marc:subfield code="d">ger</marc:subfield><marc:subfield code="g">eng</marc:subfield><marc:subfield code="j">eng</marc:subfield></marc:datafield><marc:datafield tag="049" ind1=" " ind2=" "><marc:subfield code="a">IULA</marc:subfield></marc:datafield><marc:datafield tag="245" ind1="0" ind2="4"><marc:subfield code="a">The Philly show :</marc:subfield><marc:subfield code="b">Parts 1 to 3 = Die Philly Show : Teile 1 bis 3 /</marc:subfield><marc:subfield code="c">Michael Wende, director, Witja Frank, producer.</marc:subfield></marc:datafield><marc:datafield tag="264" ind1=" " ind2="1"><marc:subfield code="a">Berlin :</marc:subfield><marc:subfield code="b">Berlin Phil Media GmbH,</marc:subfield><marc:subfield code="c">2024</marc:subfield></marc:datafield><marc:datafield tag="264" ind1=" " ind2="4"><marc:subfield code="c"> 2024</marc:subfield></marc:datafield><marc:datafield tag="300" ind1=" " ind2=" "><marc:subfield code="a">1 online resource (1 video file) :</marc:subfield><marc:subfield code="b">digital, sound, color</marc:subfield></marc:datafield><marc:datafield tag="336" ind1=" " ind2=" "><marc:subfield code="a">two-dimensional moving image</marc:subfield><marc:subfield code="b">tdi</marc:subfield><marc:subfield code="2">rdacontent</marc:subfield></marc:datafield><marc:datafield tag="337" ind1=" " ind2=" "><marc:subfield code="a">video</marc:subfield><marc:subfield code="b">v</marc:subfield><marc:subfield code="2">rdamedia</marc:subfield></marc:datafield><marc:datafield tag="337" ind1=" " ind2=" "><marc:subfield code="a">computer</marc:subfield><marc:subfield code="b">c</marc:subfield><marc:subfield code="2">rdamedia</marc:subfield></marc:datafield><marc:datafield tag="338" ind1=" " ind2=" "><marc:subfield code="a">online resource</marc:subfield><marc:subfield code="b">cr</marc:subfield><marc:subfield code="2">rdacarrier</marc:subfield></marc:datafield><marc:datafield tag="344" ind1=" " ind2=" "><marc:subfield code="a">digital</marc:subfield></marc:datafield><marc:datafield tag="344" ind1=" " ind2=" "><marc:subfield code="g">stereo</marc:subfield><marc:subfield code="2">rdacpc</marc:subfield></marc:datafield><marc:datafield tag="347" ind1=" " ind2=" "><marc:subfield code="a">streaming video file</marc:subfield><marc:subfield code="2">rda</marc:subfield></marc:datafield><marc:datafield tag="382" ind1="0" ind2="1"><marc:subfield code="a">speaker</marc:subfield><marc:subfield code="n">1</marc:subfield><marc:subfield code="s">1</marc:subfield><marc:subfield code="2">lcmpt</marc:subfield></marc:datafield><marc:datafield tag="490" ind1="1" ind2=" "><marc:subfield code="a">Berliner Philharmoniker Digital Concert Hall ;</marc:subfield><marc:subfield code="v">2024</marc:subfield></marc:datafield><marc:datafield tag="516" ind1=" " ind2=" "><marc:subfield code="a">Streaming video.</marc:subfield></marc:datafield><marc:datafield tag="546" ind1=" " ind2=" "><marc:subfield code="a">In German with English subtitles.</marc:subfield></marc:datafield><marc:datafield tag="500" ind1=" " ind2=" "><marc:subfield code="a">Title from film page and Berlin Phil Media GmbH.</marc:subfield></marc:datafield><marc:datafield tag="511" ind1="0" ind2=" "><marc:subfield code="a">Anna Thalbach, as Philly ; Berliner Philharmoniker ; Kirill Petrenko, conductor ; Lahav Shani, conductor ; Susanna M alkki, conductor ; Sir Simon Rattle, conductor</marc:subfield></marc:datafield><marc:datafield tag="508" ind1=" " ind2=" "><marc:subfield code="a">Director, Michael Wende ; editor, Hanni Welter ; producer, Witja Frank.</marc:subfield></marc:datafield><marc:datafield tag="506" ind1="1" ind2=" "><marc:subfield code="a">Access limited to subscribers.</marc:subfield></marc:datafield><marc:datafield tag="520" ind1=" " ind2=" "><marc:subfield code="a">&quot;Philly is bright yellow and has five corners - and has its own quiz show. It involves two teams who compete against each other and have to answer questions about music and the Berliner Philharmoniker - which isn't so easy! Who knows where the name cor anglais comes from? Philly also dives into the depths of instruments and takes a close look at everything from the inside. Great musical fun for the whole family!&quot;--film page.</marc:subfield></marc:datafield><marc:datafield tag="650" ind1=" " ind2="0"><marc:subfield code="a">Music</marc:subfield><marc:subfield code="x">Music occupations</marc:subfield><marc:subfield code="x">Music careers.</marc:subfield></marc:datafield><marc:datafield tag="655" ind1=" " ind2="7"><marc:subfield code="a">documentary film.</marc:subfield><marc:subfield code="2">aat</marc:subfield><marc:subfield code="0">(CStmoGRI)aatgf300375156</marc:subfield></marc:datafield><marc:datafield tag="655" ind1=" " ind2="7"><marc:subfield code="a">Documentary films.</marc:subfield><marc:subfield code="2">lcgft</marc:subfield></marc:datafield><marc:datafield tag="655" ind1=" " ind2="7"><marc:subfield code="a">Documentaires.</marc:subfield><marc:subfield code="2">rvmgf</marc:subfield><marc:subfield code="0">(CaQQLa)RVMGF-000000017</marc:subfield></marc:datafield><marc:datafield tag="700" ind1="1" ind2=" "><marc:subfield code="a">Wende, Michael,</marc:subfield><marc:subfield code="d">1982-</marc:subfield><marc:subfield code="e">director.</marc:subfield><marc:subfield code="1">https://id.oclc.org/worldcat/entity/E39PCjvQWk7c9ftTXC9GWhJdQq</marc:subfield></marc:datafield><marc:datafield tag="700" ind1="1" ind2=" "><marc:subfield code="a">Frank, Witja,</marc:subfield><marc:subfield code="e">producer.</marc:subfield></marc:datafield><marc:datafield tag="700" ind1="1" ind2=" "><marc:subfield code="a">Wollenweber, Dominik.</marc:subfield><marc:subfield code="1">https://id.oclc.org/worldcat/entity/E39PCjK4jgj3fcFGcxVTcHhwP3</marc:subfield></marc:datafield><marc:datafield tag="700" ind1="1" ind2=" "><marc:subfield code="a">Puttkamer, Alexander von.</marc:subfield></marc:datafield><marc:datafield tag="700" ind1="1" ind2=" "><marc:subfield code="a">Berg, Helena Madoka.</marc:subfield></marc:datafield><marc:datafield tag="700" ind1="1" ind2=" "><marc:subfield code="a">Afkham, Micha.</marc:subfield></marc:datafield><marc:datafield tag="700" ind1="1" ind2=" "><marc:subfield code="a">Leo, Angelo de.</marc:subfield></marc:datafield><marc:datafield tag="700" ind1="1" ind2=" "><marc:subfield code="a">Willis, Sarah,</marc:subfield><marc:subfield code="d">1968-</marc:subfield><marc:subfield code="1">https://id.oclc.org/worldcat/entity/E39PBJtRM7wh4X94RHWtpRWYyd</marc:subfield></marc:datafield><marc:datafield tag="700" ind1="1" ind2=" "><marc:subfield code="a">Lamotke, Johannes.</marc:subfield></marc:datafield><marc:datafield tag="700" ind1="1" ind2=" "><marc:subfield code="a">Gross, Amihai,</marc:subfield><marc:subfield code="d">1979-</marc:subfield><marc:subfield code="1">https://id.oclc.org/worldcat/entity/E39PCjBVPqWy9mm4crDhm3Dtjy</marc:subfield></marc:datafield><marc:datafield tag="700" ind1="1" ind2=" "><marc:subfield code="a">Welzel, Wieland.</marc:subfield></marc:datafield><marc:datafield tag="700" ind1="1" ind2=" "><marc:subfield code="a">Menking, Martin.</marc:subfield></marc:datafield><marc:datafield tag="700" ind1="1" ind2=" "><marc:subfield code="a">Carruzzo, Madeleine,</marc:subfield><marc:subfield code="d">1956-</marc:subfield></marc:datafield><marc:datafield tag="700" ind1="1" ind2=" "><marc:subfield code="a">Widzyk, Janusz,</marc:subfield><marc:subfield code="d">1973-</marc:subfield></marc:datafield><marc:datafield tag="700" ind1="1" ind2=" "><marc:subfield code="a">Schreckenberger, Georg.</marc:subfield></marc:datafield><marc:datafield tag="700" ind1="1" ind2=" "><marc:subfield code="a">Tomasi, Eva-Maria.</marc:subfield></marc:datafield><marc:datafield tag="700" ind1="1" ind2=" "><marc:subfield code="a">Thalbach, Anna,</marc:subfield><marc:subfield code="e">actor.</marc:subfield><marc:subfield code="1">https://id.oclc.org/worldcat/entity/E39PBJhGXTx8wDQVJtT9WkYkjC</marc:subfield></marc:datafield><marc:datafield tag="700" ind1="1" ind2=" "><marc:subfield code="a">Petrenko, Kirill,</marc:subfield><marc:subfield code="e">conductor.</marc:subfield><marc:subfield code="1">https://id.oclc.org/worldcat/entity/E39PBJB4j9CmWKhhKtBXhC9Rrq</marc:subfield></marc:datafield><marc:datafield tag="700" ind1="1" ind2=" "><marc:subfield code="a">Shani, Lahav,</marc:subfield><marc:subfield code="d">1989-</marc:subfield><marc:subfield code="e">conductor.</marc:subfield><marc:subfield code="1">https://id.oclc.org/worldcat/entity/E39PBJxhqhWGjdC6KKmwvFhT73</marc:subfield></marc:datafield><marc:datafield tag="700" ind1="1" ind2=" "><marc:subfield code="a">M alkki, Susanna,</marc:subfield><marc:subfield code="e">conductor.</marc:subfield><marc:subfield code="1">https://id.oclc.org/worldcat/entity/E39PBJpJbkxDFtqHYtP8Kjhfv3</marc:subfield></marc:datafield><marc:datafield tag="700" ind1="1" ind2=" "><marc:subfield code="a">Rattle, Simon,</marc:subfield><marc:subfield code="d">1955-</marc:subfield><marc:subfield code="e">conductor.</marc:subfield><marc:subfield code="1">https://id.oclc.org/worldcat/entity/E39PBJm4W4yXVTkFXr9bkmBVmd</marc:subfield></marc:datafield><marc:datafield tag="700" ind1="1" ind2="2"><marc:subfield code="i">Container of (work):</marc:subfield><marc:subfield code="a">Tchaikovsky, Peter Ilich,</marc:subfield><marc:subfield code="d">1840-1893.</marc:subfield><marc:subfield code="t">Romeo et Juliette (Fantasy-overture)</marc:subfield></marc:datafield><marc:datafield tag="700" ind1="1" ind2="2"><marc:subfield code="i">Container of (work):</marc:subfield><marc:subfield code="a">Rachmaninoff, Sergei,</marc:subfield><marc:subfield code="d">1873-1943.</marc:subfield><marc:subfield code="t">Symphonies,</marc:subfield><marc:subfield code="n">no. 2, op. 27,</marc:subfield><marc:subfield code="r">E minor.</marc:subfield></marc:datafield><marc:datafield tag="700" ind1="1" ind2="2"><marc:subfield code="i">Container of (work):</marc:subfield><marc:subfield code="a">Schubert, Franz,</marc:subfield><marc:subfield code="d">1797-1828.</marc:subfield><marc:subfield code="t">Symphonies,</marc:subfield><marc:subfield code="n">D. 944,</marc:subfield><marc:subfield code="r">C major.</marc:subfield></marc:datafield><marc:datafield tag="700" ind1="1" ind2="2"><marc:subfield code="i">Container of (work):</marc:subfield><marc:subfield code="a">Schumann, Robert,</marc:subfield><marc:subfield code="d">1810-1856.</marc:subfield><marc:subfield code="t">Symphonies,</marc:subfield><marc:subfield code="n">no. 1, op. 38,</marc:subfield><marc:subfield code="r">B  major.</marc:subfield></marc:datafield><marc:datafield tag="700" ind1="1" ind2="2"><marc:subfield code="i">Container of (work):</marc:subfield><marc:subfield code="a">Sibelius, Jean,</marc:subfield><marc:subfield code="d">1865-1957.</marc:subfield><marc:subfield code="t">Symphonies,</marc:subfield><marc:subfield code="n">no. 2, op. 43,</marc:subfield><marc:subfield code="r">D major.</marc:subfield></marc:datafield><marc:datafield tag="700" ind1="1" ind2="2"><marc:subfield code="i">Container of (work):</marc:subfield><marc:subfield code="a">Beethoven, Ludwig van,</marc:subfield><marc:subfield code="d">1770-1827.</marc:subfield><marc:subfield code="t">Symphonies,</marc:subfield><marc:subfield code="n">no. 5, op. 67,</marc:subfield><marc:subfield code="r">C minor.</marc:subfield></marc:datafield><marc:datafield tag="710" ind1="2" ind2=" "><marc:subfield code="a">Berliner Philharmoniker,</marc:subfield><marc:subfield code="e">instrumentalist.</marc:subfield></marc:datafield><marc:datafield tag="830" ind1=" " ind2="0"><marc:subfield code="a">Digital Concert Hall (Series) ;</marc:subfield><marc:subfield code="v">2024.</marc:subfield></marc:datafield><marc:datafield tag="856" ind1="4" ind2="0"><marc:subfield code="u">https://www.digitalconcerthall.com/en/film/399</marc:subfield></marc:datafield><marc:datafield tag="994" ind1=" " ind2=" "><marc:subfield code="a">C0</marc:subfield><marc:subfield code="b">IUL</marc:subfield></marc:datafield></marc:record>