
  <marc:record><marc:leader>03120ngm a2200529 i 4500</marc:leader>
    <marc:controlfield tag="001">on1546811887</marc:controlfield>
    <marc:controlfield tag="003">OCoLC</marc:controlfield><marc:controlfield tag="005">20251114113204.0</marc:controlfield><marc:controlfield tag="006">m     o  c        </marc:controlfield><marc:controlfield tag="007">vz czazzu</marc:controlfield><marc:controlfield tag="007">cr cna---||a|a</marc:controlfield><marc:controlfield tag="008">251023s2019    gw 037        o   vlmul d</marc:controlfield><marc:datafield tag="040" ind1=" " ind2=" "><marc:subfield code="a">IUL</marc:subfield><marc:subfield code="b">eng</marc:subfield><marc:subfield code="e">rda</marc:subfield><marc:subfield code="c">IUL</marc:subfield><marc:subfield code="d">OCLCO</marc:subfield></marc:datafield><marc:datafield tag="035" ind1=" " ind2=" "><marc:subfield code="a">(OCoLC)1546811887</marc:subfield></marc:datafield><marc:datafield tag="041" ind1=" " ind2=" "><marc:subfield code="d">eng</marc:subfield><marc:subfield code="d">ger</marc:subfield><marc:subfield code="g">eng</marc:subfield><marc:subfield code="j">eng</marc:subfield><marc:subfield code="j">ger</marc:subfield></marc:datafield><marc:datafield tag="049" ind1=" " ind2=" "><marc:subfield code="a">IULA</marc:subfield></marc:datafield><marc:datafield tag="245" ind1="0" ind2="0"><marc:subfield code="a">Anton Bruckner and the Berliner Philharmoniker :</marc:subfield><marc:subfield code="b">conductors in conversation = Anton Bruckner und die Berliner Philharmoniker : Gespräche mit Dirigenten.</marc:subfield></marc:datafield><marc:datafield tag="264" ind1=" " ind2="1"><marc:subfield code="a">Berlin :</marc:subfield><marc:subfield code="b">Berlin Phil Media GmbH,</marc:subfield><marc:subfield code="c">2019</marc:subfield></marc:datafield><marc:datafield tag="264" ind1=" " ind2="4"><marc:subfield code="c">℗2019</marc:subfield></marc:datafield><marc:datafield tag="300" ind1=" " ind2=" "><marc:subfield code="a">1 online resource (1 video file) :</marc:subfield><marc:subfield code="b">digital, sound, color</marc:subfield></marc:datafield><marc:datafield tag="336" ind1=" " ind2=" "><marc:subfield code="a">two-dimensional moving image</marc:subfield><marc:subfield code="b">tdi</marc:subfield><marc:subfield code="2">rdacontent</marc:subfield></marc:datafield><marc:datafield tag="337" ind1=" " ind2=" "><marc:subfield code="a">video</marc:subfield><marc:subfield code="b">v</marc:subfield><marc:subfield code="2">rdamedia</marc:subfield></marc:datafield><marc:datafield tag="337" ind1=" " ind2=" "><marc:subfield code="a">computer</marc:subfield><marc:subfield code="b">c</marc:subfield><marc:subfield code="2">rdamedia</marc:subfield></marc:datafield><marc:datafield tag="338" ind1=" " ind2=" "><marc:subfield code="a">online resource</marc:subfield><marc:subfield code="b">cr</marc:subfield><marc:subfield code="2">rdacarrier</marc:subfield></marc:datafield><marc:datafield tag="344" ind1=" " ind2=" "><marc:subfield code="a">digital</marc:subfield></marc:datafield><marc:datafield tag="344" ind1=" " ind2=" "><marc:subfield code="g">stereo</marc:subfield><marc:subfield code="2">rdacpc</marc:subfield></marc:datafield><marc:datafield tag="347" ind1=" " ind2=" "><marc:subfield code="a">streaming video file</marc:subfield><marc:subfield code="2">rda</marc:subfield></marc:datafield><marc:datafield tag="382" ind1="0" ind2="1"><marc:subfield code="a">speaker</marc:subfield><marc:subfield code="n">1</marc:subfield><marc:subfield code="s">1</marc:subfield><marc:subfield code="2">lcmpt</marc:subfield></marc:datafield><marc:datafield tag="516" ind1=" " ind2=" "><marc:subfield code="a">Streaming video.</marc:subfield></marc:datafield><marc:datafield tag="546" ind1=" " ind2=" "><marc:subfield code="a">In German with English subtitles or English with German subtitles.</marc:subfield></marc:datafield><marc:datafield tag="500" ind1=" " ind2=" "><marc:subfield code="a">Title from film page and Berlin Phil Media GmbH.</marc:subfield></marc:datafield><marc:datafield tag="511" ind1="0" ind2=" "><marc:subfield code="a">Bernard Haitink ; Zubin Mehta ; Sir Simon Rattle ; Herbert Blomstedt ; Christian Thielemann ; Mariss Jansons ; Paavo Järvi ; Benedikt von Bernstorff, director.</marc:subfield></marc:datafield><marc:datafield tag="506" ind1="1" ind2=" "><marc:subfield code="a">Access limited to subscribers.</marc:subfield></marc:datafield><marc:datafield tag="520" ind1=" " ind2=" "><marc:subfield code="a">&quot;Anton Bruckner's darkly glowing, overwhelmingly beautiful and astonishingly innovative tonal language is unmistakable. His music has been part of the Berliner Philharmoniker's artistic identity for over a hundred years. In our film, specialists such as Herbert Blomstedt, Bernard Haitink and Christian Thielemann talk about Bruckner's symphonies, which they have performed together with the orchestra and which Berliner Philharmoniker Recordings has released in a CD edition&quot;--Film page.</marc:subfield></marc:datafield><marc:datafield tag="600" ind1="1" ind2="0"><marc:subfield code="a">Bruckner, Anton,</marc:subfield><marc:subfield code="d">1824-1896.</marc:subfield></marc:datafield><marc:datafield tag="655" ind1=" " ind2="7"><marc:subfield code="a">Documentary films.</marc:subfield><marc:subfield code="2">lcgft</marc:subfield></marc:datafield><marc:datafield tag="700" ind1="1" ind2=" "><marc:subfield code="a">Bernstorff, Benedikt von,</marc:subfield><marc:subfield code="e">director.</marc:subfield></marc:datafield><marc:datafield tag="700" ind1="1" ind2=" "><marc:subfield code="a">Haitink, Bernard,</marc:subfield><marc:subfield code="d">1929-2021,</marc:subfield><marc:subfield code="e">interviewee (expression)</marc:subfield><marc:subfield code="1">https://id.oclc.org/worldcat/entity/E39PBJhmMdXjyFpGwf6mKmxkXd</marc:subfield></marc:datafield><marc:datafield tag="700" ind1="1" ind2=" "><marc:subfield code="a">Mehta, Zubin,</marc:subfield><marc:subfield code="e">interviewee (expression)</marc:subfield><marc:subfield code="1">https://id.oclc.org/worldcat/entity/E39PBJf8wFMJMcqKrP4FY4tBT3</marc:subfield></marc:datafield><marc:datafield tag="700" ind1="1" ind2=" "><marc:subfield code="a">Rattle, Simon,</marc:subfield><marc:subfield code="d">1955-</marc:subfield><marc:subfield code="e">interviewee (expression)</marc:subfield><marc:subfield code="1">https://id.oclc.org/worldcat/entity/E39PBJm4W4yXVTkFXr9bkmBVmd</marc:subfield></marc:datafield><marc:datafield tag="700" ind1="1" ind2=" "><marc:subfield code="a">Blomstedt, Herbert,</marc:subfield><marc:subfield code="d">1927-</marc:subfield><marc:subfield code="e">interviewee (expression)</marc:subfield><marc:subfield code="1">https://id.oclc.org/worldcat/entity/E39PBJtGV9RgRTkgvbRJMPMXVC</marc:subfield></marc:datafield><marc:datafield tag="700" ind1="1" ind2=" "><marc:subfield code="a">Thielemann, Christian,</marc:subfield><marc:subfield code="d">1959-</marc:subfield><marc:subfield code="e">interviewee (expression)</marc:subfield><marc:subfield code="1">https://id.oclc.org/worldcat/entity/E39PBJdRxDJ7G3c9tPV9X6FdwC</marc:subfield></marc:datafield><marc:datafield tag="700" ind1="1" ind2=" "><marc:subfield code="a">Jansons, Mariss,</marc:subfield><marc:subfield code="d">1943-2019,</marc:subfield><marc:subfield code="e">interviewee (expression)</marc:subfield><marc:subfield code="1">https://id.oclc.org/worldcat/entity/E39PBJwp33VPHFGdkTMCXtJhpP</marc:subfield></marc:datafield><marc:datafield tag="700" ind1="1" ind2=" "><marc:subfield code="a">Järvi, Paavo,</marc:subfield><marc:subfield code="d">1962-</marc:subfield><marc:subfield code="e">interviewee (expression)</marc:subfield><marc:subfield code="1">https://id.oclc.org/worldcat/entity/E39PBJt8mfYgg8mRRVBdJ3gtKd</marc:subfield></marc:datafield><marc:datafield tag="710" ind1="2" ind2=" "><marc:subfield code="a">Berliner Philharmoniker,</marc:subfield><marc:subfield code="e">instrumentalist.</marc:subfield></marc:datafield><marc:datafield tag="856" ind1="4" ind2="0"><marc:subfield code="u">https://www.digitalconcerthall.com/en/film/397</marc:subfield></marc:datafield><marc:datafield tag="994" ind1=" " ind2=" "><marc:subfield code="a">C0</marc:subfield><marc:subfield code="b">IUL</marc:subfield></marc:datafield></marc:record>